@article{lewis2008use,
  title={Use of the noninvasive components of the Mayo score to assess clinical response in ulcerative colitis},
  author={Lewis, James D and Chuai, Shaokun and Nessel, Lisa and Lichtenstein, Gary R and Aberra, Faten N and Ellenberg, Jonas H},
  journal={Inflammatory bowel diseases},
  volume={14},
  number={12},
  pages={1660--1666},
  year={2008},
  publisher={Wiley Online Library}
}

@article{greiner1995two,
  title={Two-graph receiver operating characteristic (TG-ROC): a Microsoft-EXCEL template for the selection of cut-off values in diagnostic tests},
  author={Greiner, Matthias},
  journal={Journal of immunological methods},
  volume={185},
  number={1},
  pages={145--146},
  year={1995},
  publisher={Elsevier}
}

@article{greiner1996two,
  title={Two-graph receiver operating characteristic (TG-ROC): update version supports optimisation of cut-off values that minimise overall misclassification costs},
  author={Greiner, Matthias},
  journal={Journal of immunological methods},
  volume={191},
  number={1},
  pages={93--94},
  year={1996},
  publisher={Elsevier}
}

@inproceedings{ng2004feature,
  title={Feature selection, L 1 vs. L 2 regularization, and rotational invariance},
  author={Ng, Andrew Y},
  booktitle={Proceedings of the twenty-first international conference on Machine learning},
  pages={78},
  year={2004},
  organization={ACM}
}